@book{Bishop2006,
  author =       "Bishop, Christopher M.",
  title =        "Pattern Recognition and Machine Learning",
  publisher =    "Springer",
  year =         "2006",
  ISBN =         "978-0387-31073-2",
  note = "\url{http://research.microsoft.com/en-us/um/people/cmbishop/prml/}",
  bib2html_rescat = "General ML",
}

@book{murphy2012machine,
  title={Machine learning: a probabilistic perspective},
  author={Murphy, Kevin P},
  year={2012},
  publisher={MIT press}
}

@book{goodfellow2016deep,
  title={Deep learning},
  author={Goodfellow, Ian and Bengio, Yoshua and Courville, Aaron},
  year={2016},
  publisher={MIT press}
}

@book{Williams2006,
title = {Gaussian Processes for Machine Learning},
author = {Rasmussen, Carl Edward and Williams, Chris},
publisher = {MIT Press},
year = {2006}
}

@book{demuth2014neural,
  title={Neural network design},
  author={Demuth, Howard B and Beale, Mark H and De Jess, Orlando and Hagan, Martin T},
  year={2014},
  publisher={Martin Hagan}
}

@article{lee2018deep,
    title={Deep Neural Networks as Gaussian Processes},
    author={Lee, Jaehoon and Bahri, Yasaman and Novak, Roman  and Schoenholz, Sam  and Pennington, Jeffrey  and Sohl-dickstein, Jascha },
    journal={International Conference on Learning Representations},
    year={2018},
    url={https://openreview.net/forum?id=B1EA-M-0Z},
  }
  
@article{garnelo2018conditional,
  title={Conditional neural processes},
  author={Garnelo, Marta and Rosenbaum, Dan and Maddison, Chris J and Ramalho, Tiago and Saxton, David and Shanahan, Murray and Teh, Yee Whye and Rezende, Danilo J and Eslami, SM},
  journal={arXiv preprint arXiv:1807.01613},
  year={2018}
}

@article{garnelo2018neural,
  title={Neural processes},
  author={Garnelo, Marta and Schwarz, Jonathan and Rosenbaum, Dan and Viola, Fabio and Rezende, Danilo J and Eslami, SM and Teh, Yee Whye},
  journal={arXiv preprint arXiv:1807.01622},
  year={2018}
}

@article{hensman2013gaussian,
  title={Gaussian processes for big data},
  author={Hensman, James and Fusi, Nicolo and Lawrence, Neil D},
  journal={arXiv preprint arXiv:1309.6835},
  year={2013}
}

@article{kim2019attentive,
  title={Attentive neural processes},
  author={Kim, Hyunjik and Mnih, Andriy and Schwarz, Jonathan and Garnelo, Marta and Eslami, Ali and Rosenbaum, Dan and Vinyals, Oriol and Teh, Yee Whye},
  journal={arXiv preprint arXiv:1901.05761},
  year={2019}
}

@article{Martens,
title={Neural Processes as distributions over functions},
author={Martens, Kaspar},
year={2018},
url = "https://kasparmartens.rbind.io/post/np/"
}

@article{ChrisNPP,
title={Neural Processes in PyTorch},
author={Chris},
year={2018},
url = "https://chrisorm.github.io/NGP.html"
}

